<?xml version="1.0" encoding="UTF-8"?><collection xmlns="http://www.loc.gov/MARC21/slim"><record><leader>00392nam--2200145-i-4500</leader><controlfield tag="001">000006678</controlfield><controlfield tag="002">20161230</controlfield><controlfield tag="005">20170114000913</controlfield><controlfield tag="008">060222s1000------------r-----000-0-eng-d</controlfield><datafield ind1=" " ind2=" " tag="245"><subfield code="a">Bibliography of magnetic recording 1954-1961 inclusive</subfield></datafield><datafield ind1=" " ind2=" " tag="260"><subfield code="a">Pasadena, Calif</subfield><subfield code="b">Kinelogic Corporation</subfield><subfield code="c">1963</subfield></datafield><datafield ind1=" " ind2=" " tag="300"><subfield code="a">19 p</subfield></datafield><datafield ind1=" " ind2=" " tag="700"><subfield code="a">Hadady, R. E</subfield></datafield><datafield ind1=" " ind2=" " tag="852"><subfield code="a">D.1106</subfield></datafield><datafield ind1=" " ind2=" " tag="CAT"><subfield code="a">SYS</subfield><subfield code="c">20170114</subfield><subfield code="h">000913</subfield></datafield></record></collection>